% Example references for Parallax dissertation

@article{blelloch1996programming,
  title={Programming parallel algorithms},
  author={Blelloch, Guy E},
  journal={Communications of the ACM},
  volume={39},
  number={3},
  pages={85--97},
  year={1996},
  publisher={ACM New York, NY, USA}
}

@inproceedings{chakravarty2007data,
  title={Data parallel Haskell: a status report},
  author={Chakravarty, Manuel MT and Leshchinskiy, Roman and Peyton Jones, Simon and Keller, Gabriele and Marlow, Simon},
  booktitle={Proceedings of the 2007 workshop on Declarative aspects of multicore programming},
  pages={10--18},
  year={2007}
}

@article{lee2006problem,
  title={The problem with threads},
  author={Lee, Edward A},
  journal={Computer},
  volume={39},
  number={5},
  pages={33--42},
  year={2006},
  publisher={IEEE}
}

@inproceedings{odersky2004overview,
  title={An overview of the Scala programming language},
  author={Odersky, Martin and Altherr, Philippe and Cremet, Vincent and Emir, Burak and Maneth, Sebastian and Micheloud, St{\'e}phane and Mihaylov, Nikolay and Schinz, Michel and Stenman, Erik and Zenger, Matthias},
  booktitle={EPFL Technical Report},
  year={2004}
}

@article{sutter2005free,
  title={The free lunch is over: A fundamental turn toward concurrency in software},
  author={Sutter, Herb},
  journal={Dr. Dobb's journal},
  volume={30},
  number={3},
  pages={202--210},
  year={2005}
}

@inproceedings{isard2007dryad,
  title={Dryad: distributed data-parallel programs from sequential building blocks},
  author={Isard, Michael and Budiu, Mihai and Yu, Yuan and Birrell, Andrew and Fetterly, Dennis},
  booktitle={Proceedings of the 2nd ACM SIGOPS/EuroSys European Conference on Computer Systems 2007},
  pages={59--72},
  year={2007}
}

@inproceedings{zaharia2010spark,
  title={Spark: Cluster computing with working sets},
  author={Zaharia, Matei and Chowdhury, Mosharaf and Franklin, Michael J and Shenker, Scott and Stoica, Ion},
  booktitle={2nd USENIX workshop on hot topics in cloud computing (HotCloud 10)},
  year={2010}
}

@article{dean2008mapreduce,
  title={MapReduce: simplified data processing on large clusters},
  author={Dean, Jeffrey and Ghemawat, Sanjay},
  journal={Communications of the ACM},
  volume={51},
  number={1},
  pages={107--113},
  year={2008},
  publisher={ACM New York, NY, USA}
}

@inproceedings{chambers2010flumejava,
  title={FlumeJava: easy, efficient data-parallel pipelines},
  author={Chambers, Craig and Raniwala, Ashish and Perry, Frances and Adams, Stephen and Henry, Robert R and Bradshaw, Robert and Weizenbaum, Nathan},
  booktitle={Proceedings of the 31st ACM SIGPLAN conference on Programming language design and implementation},
  pages={363--375},
  year={2010}
}

@inproceedings{gordon2006exploiting,
  title={Exploiting coarse-grained task, data, and pipeline parallelism in stream programs},
  author={Gordon, Michael I and Thies, William and Amarasinghe, Saman},
  booktitle={Proceedings of the 12th international conference on Architectural support for programming languages and operating systems},
  pages={151--162},
  year={2006}
}

@article{backus1978can,
  title={Can programming be liberated from the von Neumann style? A functional style and its algebra of programs},
  author={Backus, John},
  journal={Communications of the ACM},
  volume={21},
  number={8},
  pages={613--641},
  year={1978},
  publisher={ACM New York, NY, USA}
}

@inproceedings{wadler1990comprehending,
  title={Comprehending monads},
  author={Wadler, Philip},
  booktitle={Proceedings of the 1990 ACM conference on LISP and functional programming},
  pages={61--78},
  year={1990}
}

@inproceedings{peyton2001composing,
  title={Composing reactive animations},
  author={Peyton Jones, Simon and Finne, Sigbjorn and Wan, Zhixiong and Thomsen, Bjarne and Gray, Philip and Meijer, Erik},
  booktitle={Functional Programming},
  year={2001}
}

@article{hughes1989functional,
  title={Why functional programming matters},
  author={Hughes, John},
  journal={The computer journal},
  volume={32},
  number={2},
  pages={98--107},
  year={1989},
  publisher={Oxford University Press}
}

@inproceedings{lattner2004llvm,
  title={LLVM: A compilation framework for lifelong program analysis \& transformation},
  author={Lattner, Chris and Adve, Vikram},
  booktitle={International Symposium on Code Generation and Optimization, 2004. CGO 2004.},
  pages={75--86},
  year={2004},
  organization={IEEE}
}

@inproceedings{milner1978theory,
  title={A theory of type polymorphism in programming},
  author={Milner, Robin},
  booktitle={Journal of computer and system sciences},
  volume={17},
  number={3},
  pages={348--375},
  year={1978}
}

@article{lafont90,
  title={Interaction nets},
  author={Lafont, Yves},
  journal={Proceedings of the 17th ACM SIGPLAN-SIGACT symposium on Principles of programming languages},
  pages={95--108},
  year={1990},
  publisher={ACM}
}

@article{mazza,
  title={Interaction Combinators: Observational Equivalence and Full Abstraction},
  author={Mazza, Damiano},
  journal={Electronic Notes in Theoretical Computer Science},
  volume={20},
  pages={75--94},
  year={1999},
  publisher={Elsevier}
}

@misc{bend,
  title={Bend: A Language for Implicit Parallel Computation},
  author={HigherOrderCO},
  howpublished={\url{https://github.com/HigherOrderCO/Bend}},
  year={2023},
  note={Accessed: 2024-03-03}
} 